
@ARTICLE{CrossDR12,
   author = {{du Mas des Bourboux}, H. and {Le Goff}, J.-M. and {Blomqvist}, M. and 
	{Busca}, N.~G. and {Guy}, J. and {Rich}, J. and {Y{\`e}che}, C. and 
	{Bautista}, J.~E. and {Burtin}, {\'E}. and {Dawson}, K.~S. and 
	{Eisenstein}, D.~J. and {Font-Ribera}, A. and {Kirkby}, D. and 
	{Miralda-Escud{\'e}}, J. and {Noterdaeme}, P. and {Palanque-Delabrouille}, N. and 
	{P{\^a}ris}, I. and {Petitjean}, P. and {P{\'e}rez-R{\`a}fols}, I. and 
	{Pieri}, M.~M. and {Ross}, N.~P. and {Schlegel}, D.~J. and {Schneider}, D.~P. and 
	{Slosar}, A. and {Weinberg}, D.~H. and {Zarrouk}, P.},
    title = "{Baryon acoustic oscillations from the complete SDSS-III Ly{$\alpha$}-quasar cross-correlation function at z = 2.4}",
  journal = {\aap},
archivePrefix = "arXiv",
   eprint = {1708.02225},
 keywords = {cosmological parameters, dark energy, large-scale structure of Universe},
     year = 2017,
    month = dec,
   volume = 608,
      eid = {A130},
    pages = {A130},
      doi = {10.1051/0004-6361/201731731},
   adsurl = {http://adsabs.harvard.edu/abs/2017A%26A...608A.130D},
  adsnote = {Provided by the SAO/NASA Astrophysics Data System}
}

@ARTICLE{AutoDR12,
   author = {{Bautista}, J.~E. and {Busca}, N.~G. and {Guy}, J. and {Rich}, J. and
        {Blomqvist}, M. and {du Mas des Bourboux}, H. and {Pieri}, M.~M. and
        {Font-Ribera}, A. and {Bailey}, S. and {Delubac}, T. and {Kirkby}, D. and
        {Le Goff}, J.-M. and {Margala}, D. and {Slosar}, A. and {Vazquez}, J.~A. and
        {Brownstein}, J.~R. and {Dawson}, K.~S. and {Eisenstein}, D.~J. and
        {Miralda-Escud{\'e}}, J. and {Noterdaeme}, P. and {Palanque-Delabrouille}, N. and
        {P{\^a}ris}, I. and {Petitjean}, P. and {Ross}, N.~P. and {Schneider}, D.~P. and
        {Weinberg}, D.~H. and {Y{\`e}che}, C.},
    title = "{Measurement of baryon acoustic oscillation correlations at z = 2.3 with SDSS DR12 Ly{$\alpha$}-Forests}",
  journal = {\aap},
archivePrefix = "arXiv",
   eprint = {1702.00176},
 keywords = {cosmological parameters, dark energy},
     year = 2017,
    month = jun,
   volume = 603,
      eid = {A12},
    pages = {A12},
      doi = {10.1051/0004-6361/201730533},
   adsurl = {http://adsabs.harvard.edu/abs/2017A%26A...603A..12B},
  adsnote = {Provided by the SAO/NASA Astrophysics Data System}
}

@ARTICLE{McDonald2003,
   author = {{McDonald}, P.},
    title = "{Toward a Measurement of the Cosmological Geometry at z \~{} 2: Predicting Ly{$\alpha$} Forest Correlation in Three Dimensions and the Potential of Future Data Sets}",
  journal = {\apj},
   eprint = {arXiv:astro-ph/0108064},
 keywords = {Cosmology: Theory, Galaxies: Intergalactic Medium, Cosmology: Large-Scale Structure of Universe, methods: N-body simulations, Galaxies: Quasars: Absorption Lines},
     year = 2003,
    month = mar,
   volume = 585,
    pages = {34-51},
      doi = {10.1086/345945},
   adsurl = {http://adsabs.harvard.edu/abs/2003ApJ...585...34M},
  adsnote = {Provided by the SAO/NASA Astrophysics Data System}
}

@ARTICLE{Arinyo2015,
   author = {{Arinyo-i-Prats}, A. and {Miralda-Escud{\'e}}, J. and {Viel}, M. and
        {Cen}, R.},
    title = "{The non-linear power spectrum of the Lyman alpha forest}",
  journal = {\jcap},
archivePrefix = "arXiv",
   eprint = {1506.04519},
     year = 2015,
    month = dec,
   volume = 12,
      eid = {017},
    pages = {017},
      doi = {10.1088/1475-7516/2015/12/017},
   adsurl = {http://adsabs.harvard.edu/abs/2015JCAP...12..017A},
  adsnote = {Provided by the SAO/NASA Astrophysics Data System}
}

