@BOOK{2006gpml.book.....R,
       author = {{Rasmussen}, Carl Edward and {Williams}, Christopher K.~I.},
        title = "{Gaussian Processes for Machine Learning}",
         year = 2006,
       adsurl = {https://ui.adsabs.harvard.edu/abs/2006gpml.book.....R},
      adsnote = {Provided by the SAO/NASA Astrophysics Data System}
}

